% Encoding: UTF-8

@InProceedings{Telea99,
  author    = {Telea and van Wijk},
  title     = {Simplified Representation of Vector Fields},
  booktitle = {VIS '99 Proceedings of the conference on Visualization '99: celebrating ten years},
  year      = {1999},
}

@Article{Peng12,
  author  = {Peng and others},
  title   = {Mesh-Driven Vector Field Clustering and Visualization: An Image-Based Approach},
  journal = {IEEE Transactions on Visualization and Computer Graphics},
  year    = {2012},
}

@InProceedings{Du04,
  author    = {Du and Wang},
  title     = {Centroidal Voronoi Tessellation Based Algorithms for Vector Fields Visualization and Segmentation},
  booktitle = {VIS '04 Proceedings of the conference on Visualization '04},
  year      = {2004},
}

@InProceedings{Garcke00,
  author    = {Garcke and others},
  title     = {A Continuous Clustering Method for Vector Fields},
  booktitle = {VIS '00 Proceedings of the conference on Visualization '00},
  year      = {2000},
}

@Article{Zhou01,
  author  = {Zhou and Pang},
  title   = {Metrics and Visualization Tools for Surface Mesh Comparison},
  journal = {University of California, Santa Cruz},
  year    = {2001},
}

@Comment{jabref-meta: databaseType:bibtex;}
